

@INPROCEEDINGS{cancer,
author={N. Mallios and E. Papageorgiou and M. Samarinas},
booktitle={Enabling Technologies: Infrastructure for Collaborative Enterprises (WETICE), 2011 20th IEEE International Workshops on},
title={Comparison of Machine Learning Techniques using the WEKA Environment for Prostate Cancer Therapy Plan},
year={2011},
pages={151-155},
keywords={bioinformatics;cancer;data mining;information retrieval;learning (artificial intelligence);medical computing;patient treatment;pattern classification;WEKA environment;bioinformatics;classification techniques;data mining techniques;decision making;information extraction;machine learning techniques;medical treatment;prostate cancer diagnosis;prostate cancer therapy plan;Blood;Classification algorithms;Machine learning;Machine learning algorithms;Medical treatment;Prostate cancer;Bioinformatics;Data Mining;Machine Learning;Prostate Cancer;WEKA},
doi={10.1109/WETICE.2011.28},
ISSN={1524-4547},
month={June},}

@INPROCEEDINGS{database,
author={H. Mannila},
booktitle={Scientific and Statistical Database Systems, 1996. Proceedings., Eighth International Conference on},
title={Data mining: machine learning, statistics, and databases},
year={1996},
pages={2-9},
keywords={data analysis;database theory;deductive databases;knowledge acquisition;learning (artificial intelligence);statistics;very large databases;data analysis;data mining;databases;knowledge discovery;large data sets;machine learning;research;statistics;Association rules;Computer science;Data analysis;Data mining;Databases;Humans;Machine learning;Machine learning algorithms;Mining industry;Statistics},
doi={10.1109/SSDM.1996.505910},
month={Jun},}

@INPROCEEDINGS{smoke,
author={A. H. Alsharif and N. Philip},
booktitle={2016 International Conference on Engineering MIS (ICEMIS)},
title={Data mining technique for the enhanced smoking cessation management system (Smoke Mind)},
year={2016},
pages={1-1},
keywords={Data analysis;Data mining;Databases;Machine learning algorithms;Management information systems;Medical services;Prediction algorithms;Na√Øve Bayes technique;classification;data mining;decision table;smoking cessation},
doi={10.1109/ICEMIS.2016.7745359},
month={Sept},}

@article{automated,
  title={Data Mining and Automated Discrimination: A Mixed Legal/Technical Perspective},
  author={Carmichael, Laura and Stalla-Bourdillon, Sophie and Staab, Steffen},
  journal={IEEE Intelligent Systems},
  volume={31},
  number={6},
  pages={51--55},
  year={2016},
  publisher={IEEE}
}

@article{lexic,
  title={Lexicographic preferences for predictive modeling of human decision making: A new machine learning method with an application in accounting},
  author={Br{\"a}uning, Michael and H{\"u}llermeier, Eyke and Keller, Tobias and Glaum, Martin},
  journal={European Journal of Operational Research},
  year={2016},
  publisher={Elsevier}
}

@book{rezende2003sistemas,
  title={Sistemas inteligentes: fundamentos e aplica{\c{c}}{\~o}es},
  author={Rezende, Solange Oliveira},
  year={2003},
  publisher={Editora Manole Ltda}
}